
  <record>
    <leader>01649cam a22003611  4500</leader>
    <controlfield tag="001">53</controlfield>
    <controlfield tag="005">20141021232320.0</controlfield>
    <controlfield tag="008">860116s1921    nyu           000 0 eng  </controlfield>
    <datafield tag="010" ind1=" " ind2=" ">
      <subfield code="a">   21017842 </subfield>
    </datafield>
    <datafield tag="035" ind1=" " ind2=" ">
      <subfield code="a">(CStRLIN)NYCX86B6707</subfield>
    </datafield>
    <datafield tag="035" ind1=" " ind2=" ">
      <subfield code="a">(NIC)notisAAA0051</subfield>
    </datafield>
    <datafield tag="035" ind1=" " ind2=" ">
      <subfield code="a">(OCoLC)1327381</subfield>
    </datafield>
    <datafield tag="035" ind1=" " ind2=" ">
      <subfield code="a">53</subfield>
    </datafield>
    <datafield tag="040" ind1=" " ind2=" ">
      <subfield code="c">NIC</subfield>
      <subfield code="d">NIC</subfield>
    </datafield>
    <datafield tag="043" ind1=" " ind2=" ">
      <subfield code="a">e------</subfield>
    </datafield>
    <datafield tag="050" ind1="0" ind2=" ">
      <subfield code="a">JX1907</subfield>
      <subfield code="b">.A8 no.160</subfield>
    </datafield>
    <datafield tag="110" ind1="2" ind2=" ">
      <subfield code="a">American Association for International Conciliation.</subfield>
    </datafield>
    <datafield tag="245" ind1="1" ind2="3">
      <subfield code="a">I. Central European relief,</subfield>
      <subfield code="c">by Herbert Hoover.  II. Relief for Europe, by Herbert Hoover.  III. Intervention on behalf of the children in countries affected by the war, by the Swiss delegation to the Assembly of the League of Nations.  IV. The typhus epidemic in Central Europe, by the Right Hon. A. J. Balfour. V. Report of the Special Commission on Typhus in Poland, to the Assembly of the League of Nations ...</subfield>
    </datafield>
    <datafield tag="260" ind1=" " ind2=" ">
      <subfield code="a">New York City,</subfield>
      <subfield code="a">Greenwich, Conn.,</subfield>
      <subfield code="b">American Association for International Conciliation</subfield>
      <subfield code="c">[1921]</subfield>
    </datafield>
    <datafield tag="300" ind1=" " ind2=" ">
      <subfield code="a">24 p.</subfield>
      <subfield code="c">20 cm.</subfield>
    </datafield>
    <datafield tag="490" ind1="1" ind2=" ">
      <subfield code="a">International conciliation, March, 1921,</subfield>
      <subfield code="v">no. 160</subfield>
    </datafield>
    <datafield tag="650" ind1=" " ind2="0">
      <subfield code="a">Reconstruction (1914-1939)</subfield>
      <subfield code="z">Europe.</subfield>
    </datafield>
    <datafield tag="650" ind1=" " ind2="0">
      <subfield code="a">Food supply</subfield>
      <subfield code="z">Europe.</subfield>
    </datafield>
    <datafield tag="611" ind1="2" ind2="7">
      <subfield code="a">Reconstruction (1914-1939)</subfield>
      <subfield code="2">fast</subfield>
      <subfield code="0">(OCoLC)fst01091540</subfield>
    </datafield>
    <datafield tag="648" ind1=" " ind2="7">
      <subfield code="a">1914 - 1939</subfield>
      <subfield code="2">fast</subfield>
    </datafield>
    <datafield tag="650" ind1=" " ind2="7">
      <subfield code="a">Food supply</subfield>
      <subfield code="2">fast</subfield>
      <subfield code="0">(OCoLC)fst00931196</subfield>
    </datafield>
    <datafield tag="651" ind1=" " ind2="7">
      <subfield code="a">Europe</subfield>
      <subfield code="2">fast</subfield>
      <subfield code="0">(OCoLC)fst01245064</subfield>
    </datafield>
    <datafield tag="700" ind1="1" ind2=" ">
      <subfield code="a">Hoover, Herbert,</subfield>
      <subfield code="d">1874-1964.</subfield>
    </datafield>
    <datafield tag="830" ind1=" " ind2="0">
      <subfield code="a">International conciliation (Monthly) ;</subfield>
      <subfield code="v">no. 160</subfield>
    </datafield>
    <datafield tag="905" ind1=" " ind2=" ">
      <subfield code="a">19980409120000.0</subfield>
    </datafield>
    <datafield tag="948" ind1="2" ind2=" ">
      <subfield code="a">20060526</subfield>
      <subfield code="b">y</subfield>
      <subfield code="d">njm5</subfield>
      <subfield code="e">law</subfield>
    </datafield>
    <datafield tag="948" ind1="2" ind2=" ">
      <subfield code="a">20141016</subfield>
      <subfield code="b">m</subfield>
      <subfield code="d">batch</subfield>
      <subfield code="e">lts</subfield>
      <subfield code="x">addfast</subfield>
    </datafield>
    <datafield tag="950" ind1=" " ind2=" ">
      <subfield code="l">LAW</subfield>
      <subfield code="a">JX1906</subfield>
      <subfield code="b">.A25 No.160</subfield>
      <subfield code="f">BASIC</subfield>
      <subfield code="i">01/16/86 N</subfield>
    </datafield>
  </record>