
  <record>
    <leader>00968cam a2200313 a 4500</leader>
    <controlfield tag="001">58</controlfield>
    <controlfield tag="005">20141021232325.0</controlfield>
    <controlfield tag="008">860205s1985    fr a     s    000 0 fre  </controlfield>
    <datafield tag="010" ind1=" " ind2=" ">
      <subfield code="a">   85238045 </subfield>
    </datafield>
    <datafield tag="020" ind1=" " ind2=" ">
      <subfield code="a">2905622008 :</subfield>
      <subfield code="c">89.00F</subfield>
    </datafield>
    <datafield tag="035" ind1=" " ind2=" ">
      <subfield code="a">(CStRLIN)NYCX86B14375</subfield>
    </datafield>
    <datafield tag="035" ind1=" " ind2=" ">
      <subfield code="a">(NIC)notisAAA0056</subfield>
    </datafield>
    <datafield tag="035" ind1=" " ind2=" ">
      <subfield code="a">(OCoLC)13423234</subfield>
    </datafield>
    <datafield tag="035" ind1=" " ind2=" ">
      <subfield code="a">58</subfield>
    </datafield>
    <datafield tag="040" ind1=" " ind2=" ">
      <subfield code="d">CStRLIN</subfield>
    </datafield>
    <datafield tag="043" ind1=" " ind2=" ">
      <subfield code="a">e-fr---</subfield>
    </datafield>
    <datafield tag="050" ind1="0" ind2=" ">
      <subfield code="a">HC276.2</subfield>
      <subfield code="b">.A74 1985</subfield>
    </datafield>
    <datafield tag="082" ind1="0" ind2=" ">
      <subfield code="a">330.944/08</subfield>
      <subfield code="2">19</subfield>
    </datafield>
    <datafield tag="100" ind1="1" ind2=" ">
      <subfield code="a">Arnaud, Rémy.</subfield>
    </datafield>
    <datafield tag="245" ind1="1" ind2="0">
      <subfield code="a">Panorama de l'économie française /</subfield>
      <subfield code="c">Rémy Arnaud.</subfield>
    </datafield>
    <datafield tag="260" ind1=" " ind2=" ">
      <subfield code="a">Paris :</subfield>
      <subfield code="b">Science et vie économie :</subfield>
      <subfield code="b">Ecorama,</subfield>
      <subfield code="c">c1985.</subfield>
    </datafield>
    <datafield tag="300" ind1=" " ind2=" ">
      <subfield code="a">254 p. :</subfield>
      <subfield code="b">ill. ;</subfield>
      <subfield code="c">24 cm.</subfield>
    </datafield>
    <datafield tag="651" ind1=" " ind2="0">
      <subfield code="a">France</subfield>
      <subfield code="x">Economic conditions</subfield>
      <subfield code="y">1945-</subfield>
    </datafield>
    <datafield tag="648" ind1=" " ind2="7">
      <subfield code="a">Since 1945</subfield>
      <subfield code="2">fast</subfield>
    </datafield>
    <datafield tag="650" ind1=" " ind2="7">
      <subfield code="a">Economic history</subfield>
      <subfield code="2">fast</subfield>
      <subfield code="0">(OCoLC)fst00901974</subfield>
    </datafield>
    <datafield tag="651" ind1=" " ind2="7">
      <subfield code="a">France</subfield>
      <subfield code="2">fast</subfield>
      <subfield code="0">(OCoLC)fst01204289</subfield>
    </datafield>
    <datafield tag="905" ind1=" " ind2=" ">
      <subfield code="a">19880603120000.0</subfield>
    </datafield>
    <datafield tag="948" ind1="2" ind2=" ">
      <subfield code="a">20141016</subfield>
      <subfield code="b">m</subfield>
      <subfield code="d">batch</subfield>
      <subfield code="e">lts</subfield>
      <subfield code="x">addfast</subfield>
    </datafield>
    <datafield tag="950" ind1=" " ind2=" ">
      <subfield code="l">OLIN</subfield>
      <subfield code="a">HC276.2</subfield>
      <subfield code="b">.A74 1985</subfield>
      <subfield code="i">05/08/86 C</subfield>
    </datafield>
  </record>