
  <record>
    <leader>01454cam a22003611  4500</leader>
    <controlfield tag="001">59</controlfield>
    <controlfield tag="005">20141212160202.0</controlfield>
    <controlfield tag="008">860224s1941    nyuab         000 0 eng  </controlfield>
    <datafield tag="010" ind1=" " ind2=" ">
      <subfield code="a">   42002755 </subfield>
    </datafield>
    <datafield tag="035" ind1=" " ind2=" ">
      <subfield code="a">(CStRLIN)NYCX86B22806</subfield>
    </datafield>
    <datafield tag="035" ind1=" " ind2=" ">
      <subfield code="a">(NIC)notisAAA0057</subfield>
    </datafield>
    <datafield tag="035" ind1=" " ind2=" ">
      <subfield code="a">(OCoLC)2311608</subfield>
    </datafield>
    <datafield tag="035" ind1=" " ind2=" ">
      <subfield code="a">59</subfield>
    </datafield>
    <datafield tag="040" ind1=" " ind2=" ">
      <subfield code="a">DLC</subfield>
      <subfield code="c">TxShA</subfield>
      <subfield code="d">MnU</subfield>
      <subfield code="d">CStRLIN</subfield>
      <subfield code="d">MiU</subfield>
      <subfield code="d">NIC</subfield>
    </datafield>
    <datafield tag="043" ind1=" " ind2=" ">
      <subfield code="a">n-us-nh</subfield>
      <subfield code="a">n-us-ma</subfield>
    </datafield>
    <datafield tag="050" ind1="0" ind2=" ">
      <subfield code="a">NA7235.M4</subfield>
      <subfield code="b">H6</subfield>
    </datafield>
    <datafield tag="082" ind1=" " ind2=" ">
      <subfield code="a">728.097445</subfield>
    </datafield>
    <datafield tag="100" ind1="1" ind2=" ">
      <subfield code="a">Howells, John Mead,</subfield>
      <subfield code="d">1868-1959.</subfield>
    </datafield>
    <datafield tag="245" ind1="1" ind2="4">
      <subfield code="a">The architectural heritage of the Merrimack;</subfield>
      <subfield code="b">early houses &amp; gardens ...</subfield>
      <subfield code="c">by John Mead Howells, with an introduction by William Graves Perry.</subfield>
    </datafield>
    <datafield tag="260" ind1=" " ind2=" ">
      <subfield code="a">New York, N.Y.,</subfield>
      <subfield code="b">Architectural Book Publishing Company, Inc.</subfield>
      <subfield code="c">[c1941]</subfield>
    </datafield>
    <datafield tag="300" ind1=" " ind2=" ">
      <subfield code="a">xxii, 229 p.</subfield>
      <subfield code="b">incl. front. (map) illus.</subfield>
      <subfield code="c">32 cm.</subfield>
    </datafield>
    <datafield tag="650" ind1=" " ind2="0">
      <subfield code="a">Architecture, Domestic</subfield>
      <subfield code="z">Merrimac valley.</subfield>
    </datafield>
    <datafield tag="650" ind1=" " ind2="0">
      <subfield code="a">Architecture, Colonial</subfield>
    </datafield>
    <datafield tag="650" ind1=" " ind2="0">
      <subfield code="a">Gardens</subfield>
      <subfield code="z">Massachusetts</subfield>
    </datafield>
    <datafield tag="651" ind1=" " ind2="0">
      <subfield code="a">Merrimack River Valley (N.H. and Mass.)</subfield>
      <subfield code="x">Historic buildings, structures, etc.</subfield>
    </datafield>
    <datafield tag="650" ind1=" " ind2="7">
      <subfield code="a">Architecture, Colonial</subfield>
      <subfield code="2">fast</subfield>
      <subfield code="0">(OCoLC)fst00813657</subfield>
    </datafield>
    <datafield tag="650" ind1=" " ind2="7">
      <subfield code="a">Architecture, Domestic</subfield>
      <subfield code="2">fast</subfield>
      <subfield code="0">(OCoLC)fst00813666</subfield>
    </datafield>
    <datafield tag="650" ind1=" " ind2="7">
      <subfield code="a">Gardens</subfield>
      <subfield code="2">fast</subfield>
      <subfield code="0">(OCoLC)fst00937895</subfield>
    </datafield>
    <datafield tag="651" ind1=" " ind2="7">
      <subfield code="a">Massachusetts</subfield>
      <subfield code="2">fast</subfield>
      <subfield code="0">(OCoLC)fst01204307</subfield>
    </datafield>
    <datafield tag="651" ind1=" " ind2="7">
      <subfield code="a">United States</subfield>
      <subfield code="z">Merrimack River Valley</subfield>
      <subfield code="2">fast</subfield>
      <subfield code="0">(OCoLC)fst01311309</subfield>
    </datafield>
    <datafield tag="905" ind1=" " ind2=" ">
      <subfield code="a">19920929120000.0</subfield>
    </datafield>
    <datafield tag="948" ind1="2" ind2=" ">
      <subfield code="a">20141016</subfield>
      <subfield code="b">m</subfield>
      <subfield code="d">batch</subfield>
      <subfield code="e">lts</subfield>
      <subfield code="x">addfast</subfield>
    </datafield>
    <datafield tag="950" ind1=" " ind2=" ">
      <subfield code="l">FINE</subfield>
      <subfield code="a">NA7235.M4</subfield>
      <subfield code="b">H85</subfield>
      <subfield code="f">BASIC</subfield>
      <subfield code="i">02/24/86 N</subfield>
    </datafield>
  </record>