
  <record>
    <leader>00854cam a22002531  4500</leader>
    <controlfield tag="001">61</controlfield>
    <controlfield tag="005">20141021232326.0</controlfield>
    <controlfield tag="008">860116s1958    tnu           000 0 eng d</controlfield>
    <datafield tag="035" ind1=" " ind2=" ">
      <subfield code="a">(CStRLIN)NYCX86B6709</subfield>
    </datafield>
    <datafield tag="035" ind1=" " ind2=" ">
      <subfield code="a">(NIC)notisAAA0059</subfield>
    </datafield>
    <datafield tag="035" ind1=" " ind2=" ">
      <subfield code="a">(OCoLC)4691898</subfield>
    </datafield>
    <datafield tag="035" ind1=" " ind2=" ">
      <subfield code="a">61</subfield>
    </datafield>
    <datafield tag="040" ind1=" " ind2=" ">
      <subfield code="a">NIC</subfield>
      <subfield code="c">NIC</subfield>
    </datafield>
    <datafield tag="043" ind1=" " ind2=" ">
      <subfield code="a">n-us---</subfield>
    </datafield>
    <datafield tag="110" ind1="2" ind2=" ">
      <subfield code="a">National Council on Schoolhouse Construction.</subfield>
      <subfield code="b">Special Committee on Elementary School Plant.</subfield>
    </datafield>
    <datafield tag="245" ind1="1" ind2="0">
      <subfield code="a">Elementary school plant planning.</subfield>
      <subfield code="c">J. L. Taylor, chairman.</subfield>
    </datafield>
    <datafield tag="260" ind1=" " ind2=" ">
      <subfield code="a">[Nashville? Tenn.]</subfield>
      <subfield code="c">1958.</subfield>
    </datafield>
    <datafield tag="300" ind1=" " ind2=" ">
      <subfield code="a">vii, 96 p.</subfield>
      <subfield code="c">23 cm.</subfield>
    </datafield>
    <datafield tag="650" ind1=" " ind2="0">
      <subfield code="a">School buildings</subfield>
      <subfield code="z">United States.</subfield>
    </datafield>
    <datafield tag="650" ind1=" " ind2="7">
      <subfield code="a">School buildings</subfield>
      <subfield code="2">fast</subfield>
      <subfield code="0">(OCoLC)fst01107046</subfield>
    </datafield>
    <datafield tag="651" ind1=" " ind2="7">
      <subfield code="a">United States</subfield>
      <subfield code="2">fast</subfield>
      <subfield code="0">(OCoLC)fst01204155</subfield>
    </datafield>
    <datafield tag="905" ind1=" " ind2=" ">
      <subfield code="a">19880603120000.0</subfield>
    </datafield>
    <datafield tag="948" ind1="2" ind2=" ">
      <subfield code="a">20141016</subfield>
      <subfield code="b">m</subfield>
      <subfield code="d">batch</subfield>
      <subfield code="e">lts</subfield>
      <subfield code="x">addfast</subfield>
    </datafield>
    <datafield tag="950" ind1=" " ind2=" ">
      <subfield code="l">FINE</subfield>
      <subfield code="a">NA6561</subfield>
      <subfield code="b">.N27</subfield>
      <subfield code="f">BASIC</subfield>
      <subfield code="i">01/16/86 N</subfield>
    </datafield>
  </record>
</collection>
